@ARTICLE{hdccompare,
	author = {Schlegel, Kenny and Neubert, Peer and Protzel, Peter},
	title = {A comparison of vector symbolic architectures},
	year = {2022},
	journal = {Artificial Intelligence Review},
	volume = {55},
	number = {6},
	pages = {4523 – 4555},
	doi = {10.1007/s10462-021-10110-3},
	type = {Article},
	publication_stage = {Final},
	source = {Scopus},
	note = {Cited by: 16; All Open Access, Green Open Access, Hybrid Gold Open Access}
}

@ARTICLE{mapic,
	author = {Gayler, Ross},
	year = {1998},
	month = {01},
	pages = {},
	title = {Multiplicative Binding, Representation Operators & Analogy (Workshop Poster)}
}

@ARTICLE{hrr,
	author = {Plate, Tony A.},
	title = {Holographic Reduced Representations},
	year = {1995},
	journal = {IEEE Transactions on Neural Networks},
	volume = {6},
	number = {3},
	pages = {623 – 641},
	doi = {10.1109/72.377968},
	type = {Article},
	publication_stage = {Final},
	source = {Scopus},
	note = {Cited by: 329; All Open Access, Green Open Access}
}

@ARTICLE{vtb,
author = {Gosmann, Jan and Eliasmith, Chris},
title = {Vector-Derived Transformation Binding: An Improved Binding Operation for Deep Symbol-like Processing in Neural Networks},
year = {2019},
issue_date = {May 2019},
publisher = {MIT Press},
address = {Cambridge, MA, USA},
volume = {31},
number = {5},
issn = {0899-7667},
doi = {10.1162/neco_a_01179},
journal = {Neural Comput.},
month = {may},
pages = {849–869},
numpages = {21}
}

@ARTICLE{mbat,
author = {Gallant, Stephen I. and Okaywe, T. Wendy},
title = {Representing Objects, Relations, and Sequences},
year = {2013},
issue_date = {August 2013},
publisher = {MIT Press},
address = {Cambridge, MA, USA},
volume = {25},
number = {8},
issn = {0899-7667},
doi = {10.1162/NECO_a_00467},
journal = {Neural Comput.},
month = {aug},
pages = {2038–2078},
numpages = {41}
}

@INPROCEEDINGS{mapb,
author = {Gayler, Ross and Levy, Simon},
year = {2009},
month = {01},
pages = {},
title = {A distributed basis for analogical mapping}
}

@INPROCEEDINGS{bsc,
author = {Kanerva, Pentti},
title = {Binary Spatter-Coding of Ordered K-Tuples},
year = {1996},
isbn = {3540615105},
publisher = {Springer-Verlag},
address = {Berlin, Heidelberg},
booktitle = {Proceedings of the 1996 International Conference on Artificial Neural Networks},
pages = {869–873},
numpages = {5},
series = {ICANN 96}
}

@ARTICLE{bsdc,
author = {Rachkovskij, Dmitri A.},
title = {Representation and Processing of Structures with Binary Sparse Distributed Codes},
year = {2001},
issue_date = {March 2001},
publisher = {IEEE Educational Activities Department},
address = {USA},
volume = {13},
number = {2},
issn = {1041-4347},
doi = {10.1109/69.917565},
journal = {IEEE Trans. on Knowl. and Data Eng.},
month = {mar},
pages = {261–276},
numpages = {16},
keywords = {analogical retrieval, Sparse coding, long-term memory, connectionist symbol processing, representation of structure, binding, hierarchical representation, compositional distributed representations, nested representation, analogy, binary coding, analogical mapping.}
}

@INPROCEEDINGS{bsdcseg,
author = {Laiho, Mika and Poikonen, Jussi and Kanerva, Pentti and Lehtonen, Eero},
year = {2015},
month = {10},
pages = {},
title = {High-Dimensional Computing with Sparse Vectors},
doi = {10.1109/BioCAS.2015.7348414}
}

@PHDTHESIS{fhrr,
author = {Plate, Tony Alexander and Hinton, Geoffrey},
title = {Distributed Representations and Nested Compositional Structure},
year = {1994},
isbn = {0315972475},
publisher = {University of Toronto},
address = {CAN},
note = {AAINN97247}
}







CUSTOM HDC HARDWARE:


@ARTICLE{rischd,
	author = {Taheri, Farhad and Bayat-Sarmadi, Siavash and Hadayeghparast, Shahriar},
	title = {RISC-HD: Lightweight RISC-V Processor for Efficient Hyperdimensional Computing Inference},
	year = {2022},
	journal = {IEEE Internet of Things Journal},
	volume = {9},
	number = {23},
	pages = {24030 – 24037},
	doi = {10.1109/JIOT.2022.3191717},
	type = {Article},
	publication_stage = {Final},
	source = {Scopus},
	note = {Cited by: 0}
}

@CONFERENCE{sparsehd,
	author = {Imani, Mohsen and Salamat, Sahand and Khaleghi, Behnam and Samragh, Mohammad and Koushanfar, Farinaz and Rosing, Tajana},
	title = {Sparsehd: Algorithm-hardware co-optimization for efficient high-dimensional computing},
	year = {2019},
	journal = {Proceedings - 27th IEEE International Symposium on Field-Programmable Custom Computing Machines, FCCM 2019},
	pages = {190 – 198},
	doi = {10.1109/FCCM.2019.00034},
	type = {Conference paper},
	publication_stage = {Final},
	source = {Scopus},
	note = {Cited by: 25}
}

ALSO CUSTOM HARDWARE:
@CONFERENCE{bric,
	author = {Imani, Mohsen and Morris, Justin and Messerly, John and Shu, Helen and Deng, Yaobang and Rosing, Tajana},
	title = {BRIC: Locality-based encoding for energy-efficient brain-inspired hyperdimensional computing},
	year = {2019},
	journal = {Proceedings - Design Automation Conference},
	doi = {10.1145/3316781.3317785},
	type = {Conference paper},
	publication_stage = {Final},
	source = {Scopus},
	note = {Cited by: 27; All Open Access, Bronze Open Access}
}